%YAML 1.1
%TAG !u! tag:unity3d.com,2011:
--- !u!29 &1
OcclusionCullingSettings:
  m_ObjectHideFlags: 0
  serializedVersion: 2
  m_OcclusionBakeSettings:
    smallestOccluder: 5
    smallestHole: 0.25
    backfaceThreshold: 100
  m_SceneGUID: 00000000000000000000000000000000
  m_OcclusionCullingData: {fileID: 0}
--- !u!104 &2
RenderSettings:
  m_ObjectHideFlags: 0
  serializedVersion: 8
  m_Fog: 0
  m_FogColor: {r: 0.5, g: 0.5, b: 0.5, a: 1}
  m_FogMode: 3
  m_FogDensity: 0.01
  m_LinearFogStart: 0
  m_LinearFogEnd: 300
  m_AmbientSkyColor: {r: 0.212, g: 0.227, b: 0.259, a: 1}
  m_AmbientEquatorColor: {r: 0.114, g: 0.125, b: 0.133, a: 1}
  m_AmbientGroundColor: {r: 0.047, g: 0.043, b: 0.035, a: 1}
  m_AmbientIntensity: 1
  m_AmbientMode: 3
  m_SubtractiveShadowColor: {r: 0.42, g: 0.478, b: 0.627, a: 1}
  m_SkyboxMaterial: {fileID: 0}
  m_HaloStrength: 0.5
  m_FlareStrength: 1
  m_FlareFadeSpeed: 3
  m_HaloTexture: {fileID: 0}
  m_SpotCookie: {fileID: 10001, guid: 0000000000000000e000000000000000, type: 0}
  m_DefaultReflectionMode: 0
  m_DefaultReflectionResolution: 128
  m_ReflectionBounces: 1
  m_ReflectionIntensity: 1
  m_CustomReflection: {fileID: 0}
  m_Sun: {fileID: 0}
  m_IndirectSpecularColor: {r: 0, g: 0, b: 0, a: 1}
--- !u!157 &3
LightmapSettings:
  m_ObjectHideFlags: 0
  serializedVersion: 11
  m_GIWorkflowMode: 1
  m_GISettings:
    serializedVersion: 2
    m_BounceScale: 1
    m_IndirectOutputScale: 1
    m_AlbedoBoost: 1
    m_TemporalCoherenceThreshold: 1
    m_EnvironmentLightingMode: 0
    m_EnableBakedLightmaps: 0
    m_EnableRealtimeLightmaps: 0
  m_LightmapEditorSettings:
    serializedVersion: 9
    m_Resolution: 2
    m_BakeResolution: 40
    m_TextureWidth: 1024
    m_TextureHeight: 1024
    m_AO: 0
    m_AOMaxDistance: 1
    m_CompAOExponent: 1
    m_CompAOExponentDirect: 0
    m_Padding: 2
    m_LightmapParameters: {fileID: 0}
    m_LightmapsBakeMode: 1
    m_TextureCompression: 1
    m_FinalGather: 0
    m_FinalGatherFiltering: 1
    m_FinalGatherRayCount: 256
    m_ReflectionCompression: 2
    m_MixedBakeMode: 2
    m_BakeBackend: 0
    m_PVRSampling: 1
    m_PVRDirectSampleCount: 32
    m_PVRSampleCount: 500
    m_PVRBounces: 2
    m_PVRFilterTypeDirect: 0
    m_PVRFilterTypeIndirect: 0
    m_PVRFilterTypeAO: 0
    m_PVRFilteringMode: 1
    m_PVRCulling: 1
    m_PVRFilteringGaussRadiusDirect: 1
    m_PVRFilteringGaussRadiusIndirect: 5
    m_PVRFilteringGaussRadiusAO: 2
    m_PVRFilteringAtrousPositionSigmaDirect: 0.5
    m_PVRFilteringAtrousPositionSigmaIndirect: 2
    m_PVRFilteringAtrousPositionSigmaAO: 1
    m_ShowResolutionOverlay: 1
  m_LightingDataAsset: {fileID: 0}
  m_UseShadowmask: 1
--- !u!196 &4
NavMeshSettings:
  serializedVersion: 2
  m_ObjectHideFlags: 0
  m_BuildSettings:
    serializedVersion: 2
    agentTypeID: 0
    agentRadius: 0.5
    agentHeight: 2
    agentSlope: 45
    agentClimb: 0.4
    ledgeDropHeight: 0
    maxJumpAcrossDistance: 0
    minRegionArea: 2
    manualCellSize: 0
    cellSize: 0.16666667
    manualTileSize: 0
    tileSize: 256
    accuratePlacement: 0
    debug:
      m_Flags: 0
  m_NavMeshData: {fileID: 0}
--- !u!1 &118586309
GameObject:
  m_ObjectHideFlags: 0
  m_PrefabParentObject: {fileID: 0}
  m_PrefabInternal: {fileID: 0}
  serializedVersion: 5
  m_Component:
  - component: {fileID: 118586314}
  - component: {fileID: 118586313}
  - component: {fileID: 118586312}
  - component: {fileID: 118586311}
  m_Layer: 5
  m_Name: Canvas
  m_TagString: Untagged
  m_Icon: {fileID: 0}
  m_NavMeshLayer: 0
  m_StaticEditorFlags: 0
  m_IsActive: 1
--- !u!114 &118586311
MonoBehaviour:
  m_ObjectHideFlags: 0
  m_PrefabParentObject: {fileID: 0}
  m_PrefabInternal: {fileID: 0}
  m_GameObject: {fileID: 118586309}
  m_Enabled: 1
  m_EditorHideFlags: 0
  m_Script: {fileID: 1301386320, guid: f70555f144d8491a825f0804e09c671c, type: 3}
  m_Name: 
  m_EditorClassIdentifier: 
  m_IgnoreReversedGraphics: 1
  m_BlockingObjects: 0
  m_BlockingMask:
    serializedVersion: 2
    m_Bits: 4294967295
--- !u!114 &118586312
MonoBehaviour:
  m_ObjectHideFlags: 0
  m_PrefabParentObject: {fileID: 0}
  m_PrefabInternal: {fileID: 0}
  m_GameObject: {fileID: 118586309}
  m_Enabled: 1
  m_EditorHideFlags: 0
  m_Script: {fileID: 1980459831, guid: f70555f144d8491a825f0804e09c671c, type: 3}
  m_Name: 
  m_EditorClassIdentifier: 
  m_UiScaleMode: 0
  m_ReferencePixelsPerUnit: 100
  m_ScaleFactor: 1
  m_ReferenceResolution: {x: 960, y: 600}
  m_ScreenMatchMode: 1
  m_MatchWidthOrHeight: 0
  m_PhysicalUnit: 3
  m_FallbackScreenDPI: 96
  m_DefaultSpriteDPI: 96
  m_DynamicPixelsPerUnit: 1
--- !u!223 &118586313
Canvas:
  m_ObjectHideFlags: 0
  m_PrefabParentObject: {fileID: 0}
  m_PrefabInternal: {fileID: 0}
  m_GameObject: {fileID: 118586309}
  m_Enabled: 1
  serializedVersion: 3
  m_RenderMode: 0
  m_Camera: {fileID: 0}
  m_PlaneDistance: 100
  m_PixelPerfect: 0
  m_ReceivesEvents: 1
  m_OverrideSorting: 0
  m_OverridePixelPerfect: 0
  m_SortingBucketNormalizedSize: 0
  m_AdditionalShaderChannelsFlag: 0
  m_SortingLayerID: 0
  m_SortingOrder: 0
  m_TargetDisplay: 0
--- !u!224 &118586314
RectTransform:
  m_ObjectHideFlags: 0
  m_PrefabParentObject: {fileID: 0}
  m_PrefabInternal: {fileID: 0}
  m_GameObject: {fileID: 118586309}
  m_LocalRotation: {x: 0, y: 0, z: 0, w: 1}
  m_LocalPosition: {x: 0, y: 0, z: 0}
  m_LocalScale: {x: 0, y: 0, z: 0}
  m_Children: []
  m_Father: {fileID: 0}
  m_RootOrder: 1
  m_LocalEulerAnglesHint: {x: 0, y: 0, z: 0}
  m_AnchorMin: {x: 0, y: 0}
  m_AnchorMax: {x: 0, y: 0}
  m_AnchoredPosition: {x: 0, y: 0}
  m_SizeDelta: {x: 0, y: 0}
  m_Pivot: {x: 0, y: 0}
--- !u!4 &157981773 stripped
Transform:
  m_PrefabParentObject: {fileID: 4872624954436434, guid: 010a1d06a2c6dbd4d8bba63330403d67,
    type: 2}
  m_PrefabInternal: {fileID: 2045595620}
--- !u!4 &157981774 stripped
Transform:
  m_PrefabParentObject: {fileID: 4251264198965600, guid: 010a1d06a2c6dbd4d8bba63330403d67,
    type: 2}
  m_PrefabInternal: {fileID: 2045595620}
--- !u!4 &369103161 stripped
Transform:
  m_PrefabParentObject: {fileID: 4955678857550804, guid: 010a1d06a2c6dbd4d8bba63330403d67,
    type: 2}
  m_PrefabInternal: {fileID: 2045595620}
--- !u!4 &697221891 stripped
Transform:
  m_PrefabParentObject: {fileID: 4328986248326638, guid: 010a1d06a2c6dbd4d8bba63330403d67,
    type: 2}
  m_PrefabInternal: {fileID: 2045595620}
--- !u!4 &1192528072 stripped
Transform:
  m_PrefabParentObject: {fileID: 4773920586499240, guid: 010a1d06a2c6dbd4d8bba63330403d67,
    type: 2}
  m_PrefabInternal: {fileID: 2045595620}
--- !u!4 &1220200246 stripped
Transform:
  m_PrefabParentObject: {fileID: 4267553208203744, guid: 010a1d06a2c6dbd4d8bba63330403d67,
    type: 2}
  m_PrefabInternal: {fileID: 2045595620}
--- !u!1 &1268039229
GameObject:
  m_ObjectHideFlags: 0
  m_PrefabParentObject: {fileID: 0}
  m_PrefabInternal: {fileID: 0}
  serializedVersion: 5
  m_Component:
  - component: {fileID: 1268039230}
  - component: {fileID: 1268039231}
  m_Layer: 0
  m_Name: PlataformCreator
  m_TagString: Untagged
  m_Icon: {fileID: 0}
  m_NavMeshLayer: 0
  m_StaticEditorFlags: 0
  m_IsActive: 1
--- !u!4 &1268039230
Transform:
  m_ObjectHideFlags: 0
  m_PrefabParentObject: {fileID: 0}
  m_PrefabInternal: {fileID: 0}
  m_GameObject: {fileID: 1268039229}
  m_LocalRotation: {x: -0, y: -0, z: -0, w: 1}
  m_LocalPosition: {x: 0, y: 0, z: -1}
  m_LocalScale: {x: 1, y: 1, z: 1}
  m_Children:
  - {fileID: 1444112367}
  m_Father: {fileID: 0}
  m_RootOrder: 3
  m_LocalEulerAnglesHint: {x: 0, y: 0, z: 0}
--- !u!114 &1268039231
MonoBehaviour:
  m_ObjectHideFlags: 0
  m_PrefabParentObject: {fileID: 0}
  m_PrefabInternal: {fileID: 0}
  m_GameObject: {fileID: 1268039229}
  m_Enabled: 1
  m_EditorHideFlags: 0
  m_Script: {fileID: 11500000, guid: 45eb338ee9dd6734bb1156f5f5180a8c, type: 3}
  m_Name: 
  m_EditorClassIdentifier: 
  initialPosition: {fileID: 1268039230}
  layers:
    serializedVersion: 2
    m_Bits: 4294967295
  plataformBag:
  - name: K1 - TopRight
    KeyToInstance: 257
    Prefab: {fileID: 1397098707005992, guid: 139e6bcfd304a044aa858912cffde8ae, type: 2}
    Parent: {fileID: 697221891}
    NameInstance: Ground
  - name: K2 - Top
    KeyToInstance: 258
    Prefab: {fileID: 1331397279561810, guid: be23b1b4b464aae49b100db4d2584800, type: 2}
    Parent: {fileID: 697221891}
    NameInstance: Ground
  - name: K3 - TopLeft
    KeyToInstance: 259
    Prefab: {fileID: 1680456881791552, guid: a87bb3259a676d447abcfb9b7b96669d, type: 2}
    Parent: {fileID: 697221891}
    NameInstance: Ground
  - name: K4 - Right
    KeyToInstance: 260
    Prefab: {fileID: 1061295786872164, guid: 133bc46367dd59941ac4f169f902118d, type: 2}
    Parent: {fileID: 697221891}
    NameInstance: Ground
  - name: K5 - Wall
    KeyToInstance: 261
    Prefab: {fileID: 1867399720605664, guid: 91578983a6880cc4da4242ee31dfd416, type: 2}
    Parent: {fileID: 1764905546}
    NameInstance: Wall
  - name: K6 - Left
    KeyToInstance: 262
    Prefab: {fileID: 1338498264743280, guid: 7a9bc5b4a57cb4847b8a319854792990, type: 2}
    Parent: {fileID: 697221891}
    NameInstance: Ground
  - name: K7 - DownRight
    KeyToInstance: 263
    Prefab: {fileID: 1678742005091518, guid: 582996d6fe3faec4c92712042a0fd0c7, type: 2}
    Parent: {fileID: 697221891}
    NameInstance: Ground
  - name: K8 - Down
    KeyToInstance: 264
    Prefab: {fileID: 1946635274515260, guid: 708a452bf15cc714fbbbbcf2691530b1, type: 2}
    Parent: {fileID: 697221891}
    NameInstance: Ground
  - name: K9 - DownLeft
    KeyToInstance: 265
    Prefab: {fileID: 1417614688603720, guid: e680b0741847bf84d84e09cb3dd57bc1, type: 2}
    Parent: {fileID: 697221891}
    NameInstance: Ground
  - name: K0 - Blank
    KeyToInstance: 256
    Prefab: {fileID: 1830223883401822, guid: bdb219b3edfa1a6479948e8e0221ae80, type: 2}
    Parent: {fileID: 697221891}
    NameInstance: Ground
  - name: End - DownLeft
    KeyToInstance: 279
    Prefab: {fileID: 1473210236900120, guid: 93bba1db94fd4f44ebd45078b47a635d, type: 2}
    Parent: {fileID: 697221891}
    NameInstance: Ground
  - name: Home - TopLeft
    KeyToInstance: 278
    Prefab: {fileID: 1257656495317482, guid: 5ceb232e1f002a543b56a5ca75360a07, type: 2}
    Parent: {fileID: 697221891}
    NameInstance: Ground
  - name: PgUp - TopRight
    KeyToInstance: 280
    Prefab: {fileID: 1751007032874144, guid: 97f91a895f683f24eb3c29b38a8fafb7, type: 2}
    Parent: {fileID: 697221891}
    NameInstance: Ground
  - name: PgDown - DownRight
    KeyToInstance: 281
    Prefab: {fileID: 1361730948296214, guid: cfc187f98f4c1c6418170050e6bce218, type: 2}
    Parent: {fileID: 697221891}
    NameInstance: Ground
  - name: A1 - CaixaMad1x1
    KeyToInstance: 49
    Prefab: {fileID: 1472886360853782, guid: abe7273fca973d9488d342e49b12a4e2, type: 2}
    Parent: {fileID: 1220200246}
    NameInstance: CaixaMadeira1x1
  - name: A2 - CaixaMad2x1
    KeyToInstance: 50
    Prefab: {fileID: 1483752448674834, guid: 8d5399a7d3f46684fac151f953d3c869, type: 2}
    Parent: {fileID: 1220200246}
    NameInstance: CaixaMadeira2x1
  - name: A3 - CaixaMad4x4
    KeyToInstance: 51
    Prefab: {fileID: 1829188752720394, guid: 03aa5087bcef9ce489e077d1ccecdd7b, type: 2}
    Parent: {fileID: 1220200246}
    NameInstance: CaixaMadeira4x4
  - name: A4 - CaixaMetal1x1 Direita
    KeyToInstance: 52
    Prefab: {fileID: 1000812309699056, guid: fd1d0485b9ee2e641afd0fc67c69103b, type: 2}
    Parent: {fileID: 1192528072}
    NameInstance: CaixaMetal1x1Dir
  - name: A5 - CaixaMetal2x1 Esquerda
    KeyToInstance: 53
    Prefab: {fileID: 1807831969633996, guid: 00bcbc322414c4c4a90951e1b02a3c80, type: 2}
    Parent: {fileID: 1192528072}
    NameInstance: CaixaMetal2x1Esq
  - name: A6 - CaixaMatal4x4
    KeyToInstance: 54
    Prefab: {fileID: 1116363787980568, guid: a6ba1b19360630547bdf0cd452451f9f, type: 2}
    Parent: {fileID: 1192528072}
    NameInstance: CaixaMatal4x4
  - name: B - Barril
    KeyToInstance: 98
    Prefab: {fileID: 1167852094512734, guid: 9691686ab7fac5245800b998342a6e57, type: 2}
    Parent: {fileID: 1888456359}
    NameInstance: Barril
  - name: S - Serra
    KeyToInstance: 115
    Prefab: {fileID: 1933624584218548, guid: 8edc6f4710782d844a3e10d7bc990c3d, type: 2}
    Parent: {fileID: 369103161}
    NameInstance: Serra
  - name: C - CheckPoint
    KeyToInstance: 99
    Prefab: {fileID: 1584077758886374, guid: ce559f8b6383d2a428d4edc2e1c8df59, type: 2}
    Parent: {fileID: 157981773}
    NameInstance: CheckPoint
  - name: D - DeathCollider
    KeyToInstance: 100
    Prefab: {fileID: 1836792821929140, guid: c5aded0a058d50e4a994bd6e696a32f4, type: 2}
    Parent: {fileID: 1993282794}
    NameInstance: DeathCollider
  - name: E - Espinhos
    KeyToInstance: 101
    Prefab: {fileID: 1605163174634360, guid: 1e5f0bf4dfc33e9418c86b90141aa6d1, type: 2}
    Parent: {fileID: 157981774}
    NameInstance: Espinho
  - name: A7 - Caixa Metal 2x1 Direita
    KeyToInstance: 55
    Prefab: {fileID: 1807831969633996, guid: aa76bd56529a3e742850805ed5f3a6e0, type: 2}
    Parent: {fileID: 1192528072}
    NameInstance: CaixaMetal2x1Dir
  - name: A8 - CaixaMetal1x1 Esquerda
    KeyToInstance: 56
    Prefab: {fileID: 1000812309699056, guid: 03f5e4c1941591746be3e5eb9bc14d3a, type: 2}
    Parent: {fileID: 1192528072}
    NameInstance: CaixaMetal1x1Dir
  - name: A9 - CaixaMetal1x2
    KeyToInstance: 57
    Prefab: {fileID: 1125237893504688, guid: 74ccfbc81cb2fe943bfc94b369526ece, type: 2}
    Parent: {fileID: 1192528072}
    NameInstance: CaixaMetal1x2
  - name: V - Victory
    KeyToInstance: 118
    Prefab: {fileID: 1323602519554586, guid: 6eac0c1e220038d4fb05b2a906fd25d6, type: 2}
    Parent: {fileID: 2045595621}
    NameInstance: Victory
  - name: E - Espinhos
    KeyToInstance: 0
    Prefab: {fileID: 1605163174634360, guid: 1e5f0bf4dfc33e9418c86b90141aa6d1, type: 2}
    Parent: {fileID: 157981774}
    NameInstance: Espinho
  horizontalDistance: 0.64
  verticalDistance: 0.64
  rightTime: 10
  leftTime: 10
  upTime: 10
  downTime: 10
--- !u!1001 &1421052399
Prefab:
  m_ObjectHideFlags: 0
  serializedVersion: 2
  m_Modification:
    m_TransformParent: {fileID: 0}
    m_Modifications:
    - target: {fileID: 4638525723666524, guid: e0b1d2e5ca9bc284c8c322c340aac2b5, type: 2}
      propertyPath: m_LocalPosition.x
      value: 0.4785752
      objectReference: {fileID: 0}
    - target: {fileID: 4638525723666524, guid: e0b1d2e5ca9bc284c8c322c340aac2b5, type: 2}
      propertyPath: m_LocalPosition.y
      value: 7.049999
      objectReference: {fileID: 0}
    - target: {fileID: 4638525723666524, guid: e0b1d2e5ca9bc284c8c322c340aac2b5, type: 2}
      propertyPath: m_LocalPosition.z
      value: 0.0011704285
      objectReference: {fileID: 0}
    - target: {fileID: 4638525723666524, guid: e0b1d2e5ca9bc284c8c322c340aac2b5, type: 2}
      propertyPath: m_LocalRotation.x
      value: 0
      objectReference: {fileID: 0}
    - target: {fileID: 4638525723666524, guid: e0b1d2e5ca9bc284c8c322c340aac2b5, type: 2}
      propertyPath: m_LocalRotation.y
      value: 0
      objectReference: {fileID: 0}
    - target: {fileID: 4638525723666524, guid: e0b1d2e5ca9bc284c8c322c340aac2b5, type: 2}
      propertyPath: m_LocalRotation.z
      value: 0
      objectReference: {fileID: 0}
    - target: {fileID: 4638525723666524, guid: e0b1d2e5ca9bc284c8c322c340aac2b5, type: 2}
      propertyPath: m_LocalRotation.w
      value: 1
      objectReference: {fileID: 0}
    - target: {fileID: 4638525723666524, guid: e0b1d2e5ca9bc284c8c322c340aac2b5, type: 2}
      propertyPath: m_RootOrder
      value: 5
      objectReference: {fileID: 0}
    - target: {fileID: 1295912377404784, guid: e0b1d2e5ca9bc284c8c322c340aac2b5, type: 2}
      propertyPath: m_IsActive
      value: 0
      objectReference: {fileID: 0}
    - target: {fileID: 82936530790722734, guid: e0b1d2e5ca9bc284c8c322c340aac2b5,
        type: 2}
      propertyPath: spreadCustomCurve.m_RotationOrder
      value: 0
      objectReference: {fileID: 0}
    m_RemovedComponents: []
  m_ParentPrefab: {fileID: 100100000, guid: e0b1d2e5ca9bc284c8c322c340aac2b5, type: 2}
  m_IsPrefabParent: 0
--- !u!1 &1444112366
GameObject:
  m_ObjectHideFlags: 0
  m_PrefabParentObject: {fileID: 0}
  m_PrefabInternal: {fileID: 0}
  serializedVersion: 5
  m_Component:
  - component: {fileID: 1444112367}
  - component: {fileID: 1444112368}
  m_Layer: 0
  m_Name: Icon
  m_TagString: Untagged
  m_Icon: {fileID: 0}
  m_NavMeshLayer: 0
  m_StaticEditorFlags: 0
  m_IsActive: 1
--- !u!4 &1444112367
Transform:
  m_ObjectHideFlags: 0
  m_PrefabParentObject: {fileID: 0}
  m_PrefabInternal: {fileID: 0}
  m_GameObject: {fileID: 1444112366}
  m_LocalRotation: {x: 0, y: 0, z: 0, w: 1}
  m_LocalPosition: {x: 0, y: 0, z: 0}
  m_LocalScale: {x: 1, y: 1, z: 1}
  m_Children: []
  m_Father: {fileID: 1268039230}
  m_RootOrder: 0
  m_LocalEulerAnglesHint: {x: 0, y: 0, z: 0}
--- !u!212 &1444112368
SpriteRenderer:
  m_ObjectHideFlags: 0
  m_PrefabParentObject: {fileID: 0}
  m_PrefabInternal: {fileID: 0}
  m_GameObject: {fileID: 1444112366}
  m_Enabled: 1
  m_CastShadows: 0
  m_ReceiveShadows: 0
  m_DynamicOccludee: 1
  m_MotionVectors: 1
  m_LightProbeUsage: 1
  m_ReflectionProbeUsage: 1
  m_Materials:
  - {fileID: 10754, guid: 0000000000000000f000000000000000, type: 0}
  m_StaticBatchInfo:
    firstSubMesh: 0
    subMeshCount: 0
  m_StaticBatchRoot: {fileID: 0}
  m_ProbeAnchor: {fileID: 0}
  m_LightProbeVolumeOverride: {fileID: 0}
  m_ScaleInLightmap: 1
  m_PreserveUVs: 0
  m_IgnoreNormalsForChartDetection: 0
  m_ImportantGI: 0
  m_StitchLightmapSeams: 0
  m_SelectedEditorRenderState: 0
  m_MinimumChartSize: 4
  m_AutoUVMaxDistance: 0.5
  m_AutoUVMaxAngle: 89
  m_LightmapParameters: {fileID: 0}
  m_SortingLayerID: -932581953
  m_SortingLayer: 3
  m_SortingOrder: 0
  m_Sprite: {fileID: 21300000, guid: d467f5fd4eda20c419ae758b4fea6ba1, type: 3}
  m_Color: {r: 1, g: 1, b: 1, a: 1}
  m_FlipX: 0
  m_FlipY: 0
  m_DrawMode: 0
  m_Size: {x: 0.64, y: 0.64}
  m_AdaptiveModeThreshold: 0.5
  m_SpriteTileMode: 0
  m_WasSpriteAssigned: 1
  m_MaskInteraction: 0
--- !u!1 &1488040832
GameObject:
  m_ObjectHideFlags: 0
  m_PrefabParentObject: {fileID: 0}
  m_PrefabInternal: {fileID: 0}
  serializedVersion: 5
  m_Component:
  - component: {fileID: 1488040834}
  - component: {fileID: 1488040833}
  m_Layer: 0
  m_Name: GameManager
  m_TagString: Untagged
  m_Icon: {fileID: 0}
  m_NavMeshLayer: 0
  m_StaticEditorFlags: 0
  m_IsActive: 1
--- !u!114 &1488040833
MonoBehaviour:
  m_ObjectHideFlags: 0
  m_PrefabParentObject: {fileID: 0}
  m_PrefabInternal: {fileID: 0}
  m_GameObject: {fileID: 1488040832}
  m_Enabled: 1
  m_EditorHideFlags: 0
  m_Script: {fileID: 11500000, guid: c942818a6c0e7d149b637679532f98f7, type: 3}
  m_Name: 
  m_EditorClassIdentifier: 
  showMenu: 0
  LimitCommandText: 0
  wrong: {fileID: 0}
  typing: {fileID: 0}
  correct: {fileID: 0}
--- !u!4 &1488040834
Transform:
  m_ObjectHideFlags: 0
  m_PrefabParentObject: {fileID: 0}
  m_PrefabInternal: {fileID: 0}
  m_GameObject: {fileID: 1488040832}
  m_LocalRotation: {x: -0, y: -0, z: -0, w: 1}
  m_LocalPosition: {x: 10.166473, y: -0.71395874, z: 0}
  m_LocalScale: {x: 1, y: 1, z: 1}
  m_Children: []
  m_Father: {fileID: 0}
  m_RootOrder: 0
  m_LocalEulerAnglesHint: {x: 0, y: 0, z: 0}
--- !u!1 &1577363733
GameObject:
  m_ObjectHideFlags: 0
  m_PrefabParentObject: {fileID: 0}
  m_PrefabInternal: {fileID: 0}
  serializedVersion: 5
  m_Component:
  - component: {fileID: 1577363734}
  - component: {fileID: 1577363736}
  - component: {fileID: 1577363735}
  m_Layer: 0
  m_Name: EventSystem
  m_TagString: Untagged
  m_Icon: {fileID: 0}
  m_NavMeshLayer: 0
  m_StaticEditorFlags: 0
  m_IsActive: 1
--- !u!4 &1577363734
Transform:
  m_ObjectHideFlags: 0
  m_PrefabParentObject: {fileID: 0}
  m_PrefabInternal: {fileID: 0}
  m_GameObject: {fileID: 1577363733}
  m_LocalRotation: {x: -0, y: -0, z: -0, w: 1}
  m_LocalPosition: {x: 0, y: -2.2, z: 5}
  m_LocalScale: {x: 1, y: 1, z: 1}
  m_Children: []
  m_Father: {fileID: 1705122616}
  m_RootOrder: 0
  m_LocalEulerAnglesHint: {x: 0, y: 0, z: 0}
--- !u!114 &1577363735
MonoBehaviour:
  m_ObjectHideFlags: 0
  m_PrefabParentObject: {fileID: 0}
  m_PrefabInternal: {fileID: 0}
  m_GameObject: {fileID: 1577363733}
  m_Enabled: 1
  m_EditorHideFlags: 0
  m_Script: {fileID: 1077351063, guid: f70555f144d8491a825f0804e09c671c, type: 3}
  m_Name: 
  m_EditorClassIdentifier: 
  m_HorizontalAxis: Horizontal
  m_VerticalAxis: Vertical
  m_SubmitButton: Submit
  m_CancelButton: Cancel
  m_InputActionsPerSecond: 10
  m_RepeatDelay: 0.5
  m_ForceModuleActive: 0
--- !u!114 &1577363736
MonoBehaviour:
  m_ObjectHideFlags: 0
  m_PrefabParentObject: {fileID: 0}
  m_PrefabInternal: {fileID: 0}
  m_GameObject: {fileID: 1577363733}
  m_Enabled: 1
  m_EditorHideFlags: 0
  m_Script: {fileID: -619905303, guid: f70555f144d8491a825f0804e09c671c, type: 3}
  m_Name: 
  m_EditorClassIdentifier: 
  m_FirstSelected: {fileID: 0}
  m_sendNavigationEvents: 1
  m_DragThreshold: 5
--- !u!1 &1705122610
GameObject:
  m_ObjectHideFlags: 0
  m_PrefabParentObject: {fileID: 0}
  m_PrefabInternal: {fileID: 0}
  serializedVersion: 5
  m_Component:
  - component: {fileID: 1705122616}
  - component: {fileID: 1705122615}
  - component: {fileID: 1705122614}
  - component: {fileID: 1705122613}
  - component: {fileID: 1705122612}
  - component: {fileID: 1705122611}
  m_Layer: 0
  m_Name: Main Camera
  m_TagString: MainCamera
  m_Icon: {fileID: 0}
  m_NavMeshLayer: 0
  m_StaticEditorFlags: 0
  m_IsActive: 1
--- !u!114 &1705122611
MonoBehaviour:
  m_ObjectHideFlags: 0
  m_PrefabParentObject: {fileID: 0}
  m_PrefabInternal: {fileID: 0}
  m_GameObject: {fileID: 1705122610}
  m_Enabled: 1
  m_EditorHideFlags: 0
  m_Script: {fileID: 11500000, guid: 8b8c96e2cdc154e848a3d9fe62464d42, type: 3}
  m_Name: 
  m_EditorClassIdentifier: 
  CameraTargets:
  - TargetTransform: {fileID: 1268039230}
    TargetInfluenceH: 1
    TargetInfluenceV: 1
    TargetOffset: {x: 0, y: 0}
  CenterTargetOnStart: 1
  Axis: 0
  UpdateType: 0
  FollowHorizontal: 1
  HorizontalFollowSmoothness: 0.1
  FollowVertical: 1
  VerticalFollowSmoothness: 0.4
  OverallOffset: {x: 1, y: 1}
  ZoomWithFOV: 0
  CurrentZoomTriggerID: 0
  IsCameraPositionLeftBounded: 0
  IsCameraPositionRightBounded: 0
  IsCameraPositionTopBounded: 0
  IsCameraPositionBottomBounded: 0
  GameCamera: {fileID: 1705122615}
--- !u!81 &1705122612
AudioListener:
  m_ObjectHideFlags: 0
  m_PrefabParentObject: {fileID: 0}
  m_PrefabInternal: {fileID: 0}
  m_GameObject: {fileID: 1705122610}
  m_Enabled: 1
--- !u!124 &1705122613
Behaviour:
  m_ObjectHideFlags: 0
  m_PrefabParentObject: {fileID: 0}
  m_PrefabInternal: {fileID: 0}
  m_GameObject: {fileID: 1705122610}
  m_Enabled: 1
--- !u!92 &1705122614
Behaviour:
  m_ObjectHideFlags: 0
  m_PrefabParentObject: {fileID: 0}
  m_PrefabInternal: {fileID: 0}
  m_GameObject: {fileID: 1705122610}
  m_Enabled: 1
--- !u!20 &1705122615
Camera:
  m_ObjectHideFlags: 0
  m_PrefabParentObject: {fileID: 0}
  m_PrefabInternal: {fileID: 0}
  m_GameObject: {fileID: 1705122610}
  m_Enabled: 1
  serializedVersion: 2
  m_ClearFlags: 2
  m_BackGroundColor: {r: 0.7058823, g: 0.7058823, b: 0.7058823, a: 0}
  m_NormalizedViewPortRect:
    serializedVersion: 2
    x: 0
    y: 0
    width: 1
    height: 1
  near clip plane: 0.3
  far clip plane: 10
  field of view: 60
  orthographic: 1
  orthographic size: 3
  m_Depth: 0
  m_CullingMask:
    serializedVersion: 2
    m_Bits: 4294967295
  m_RenderingPath: -1
  m_TargetTexture: {fileID: 0}
  m_TargetDisplay: 0
  m_TargetEye: 3
  m_HDR: 0
  m_AllowMSAA: 1
  m_AllowDynamicResolution: 0
  m_ForceIntoRT: 0
  m_OcclusionCulling: 1
  m_StereoConvergence: 10
  m_StereoSeparation: 0.022
--- !u!4 &1705122616
Transform:
  m_ObjectHideFlags: 0
  m_PrefabParentObject: {fileID: 0}
  m_PrefabInternal: {fileID: 0}
  m_GameObject: {fileID: 1705122610}
  m_LocalRotation: {x: 0, y: 0, z: 0, w: 1}
  m_LocalPosition: {x: -1.4564075, y: 1.6499752, z: -5}
  m_LocalScale: {x: 1, y: 1, z: 1}
  m_Children:
  - {fileID: 1577363734}
  m_Father: {fileID: 0}
  m_RootOrder: 2
  m_LocalEulerAnglesHint: {x: 0, y: 0, z: 0}
--- !u!4 &1764905546 stripped
Transform:
  m_PrefabParentObject: {fileID: 4592403132615122, guid: 010a1d06a2c6dbd4d8bba63330403d67,
    type: 2}
  m_PrefabInternal: {fileID: 2045595620}
--- !u!4 &1888456359 stripped
Transform:
  m_PrefabParentObject: {fileID: 4310441173454208, guid: 010a1d06a2c6dbd4d8bba63330403d67,
    type: 2}
  m_PrefabInternal: {fileID: 2045595620}
--- !u!4 &1993282794 stripped
Transform:
  m_PrefabParentObject: {fileID: 4606807330770016, guid: 010a1d06a2c6dbd4d8bba63330403d67,
    type: 2}
  m_PrefabInternal: {fileID: 2045595620}
--- !u!1001 &2045595620
Prefab:
  m_ObjectHideFlags: 0
  serializedVersion: 2
  m_Modification:
    m_TransformParent: {fileID: 0}
    m_Modifications:
    - target: {fileID: 4207549108083448, guid: 010a1d06a2c6dbd4d8bba63330403d67, type: 2}
      propertyPath: m_LocalPosition.x
      value: 0
      objectReference: {fileID: 0}
    - target: {fileID: 4207549108083448, guid: 010a1d06a2c6dbd4d8bba63330403d67, type: 2}
      propertyPath: m_LocalPosition.y
      value: 0
      objectReference: {fileID: 0}
    - target: {fileID: 4207549108083448, guid: 010a1d06a2c6dbd4d8bba63330403d67, type: 2}
      propertyPath: m_LocalPosition.z
      value: 0
      objectReference: {fileID: 0}
    - target: {fileID: 4207549108083448, guid: 010a1d06a2c6dbd4d8bba63330403d67, type: 2}
      propertyPath: m_LocalRotation.x
      value: 0
      objectReference: {fileID: 0}
    - target: {fileID: 4207549108083448, guid: 010a1d06a2c6dbd4d8bba63330403d67, type: 2}
      propertyPath: m_LocalRotation.y
      value: 0
      objectReference: {fileID: 0}
    - target: {fileID: 4207549108083448, guid: 010a1d06a2c6dbd4d8bba63330403d67, type: 2}
      propertyPath: m_LocalRotation.z
      value: 0
      objectReference: {fileID: 0}
    - target: {fileID: 4207549108083448, guid: 010a1d06a2c6dbd4d8bba63330403d67, type: 2}
      propertyPath: m_LocalRotation.w
      value: 1
      objectReference: {fileID: 0}
    - target: {fileID: 4207549108083448, guid: 010a1d06a2c6dbd4d8bba63330403d67, type: 2}
      propertyPath: m_RootOrder
      value: 4
      objectReference: {fileID: 0}
    m_RemovedComponents: []
  m_ParentPrefab: {fileID: 100100000, guid: 010a1d06a2c6dbd4d8bba63330403d67, type: 2}
  m_IsPrefabParent: 0
--- !u!4 &2045595621 stripped
Transform:
  m_PrefabParentObject: {fileID: 4106242476017288, guid: 010a1d06a2c6dbd4d8bba63330403d67,
    type: 2}
  m_PrefabInternal: {fileID: 2045595620}
